@online{ARCCentreExcellence,
author = "{Australian Research Council}",
title = {ARC Centres of Excellence},
month = {05},
year = {2013},
url = {http://www.arc.gov.au/ncgp/ce/ce_default.htm},
}

@booklet{PresentationBooklet,
author = {NICTA},
title = {Research Excellence in ICT, Wealth Creation for Australia},
year = {2010},
pagetotal = {24},
}

@online{BPCWebsite,
author = "{NICTA}",
title = {Business Process Compliance},
year = {2013},
url = {http://www.nicta.com.au/research/projects/business_process_compliance},
}
